<record><leader>00000cas a22000007a 4500</leader><controlfield tag="001">27688766</controlfield><controlfield tag="008">930308d1854185uctuwr ne      0    0eng d</controlfield><datafield ind1=" " ind2=" " tag="010"><subfield code="a">sn 93053795 </subfield></datafield><datafield ind1=" " ind2=" " tag="040"><subfield code="a">CNW</subfield><subfield code="b">eng</subfield><subfield code="c">CNW</subfield><subfield code="d">OCL</subfield><subfield code="d">OCLCQ</subfield><subfield code="d">OCLCF</subfield><subfield code="d">OCLCO</subfield></datafield><datafield ind1="1" ind2=" " tag="029"><subfield code="a">AU@</subfield><subfield code="b">000020230547</subfield></datafield><datafield ind1=" " ind2=" " tag="042"><subfield code="a">msc</subfield></datafield><datafield ind1=" " ind2=" " tag="043"><subfield code="a">n-us-ct</subfield></datafield><datafield ind1="0" ind2=" " tag="130"><subfield code="a">Middletown news (Middletown, Conn. : 1854)</subfield></datafield><datafield ind1="1" ind2="0" tag="245"><subfield code="a">Middletown news.</subfield></datafield><datafield ind1=" " ind2=" " tag="260"><subfield code="a">Middletown, Conn. :</subfield><subfield code="b">O.G. Wilson</subfield></datafield><datafield ind1=" " ind2=" " tag="300"><subfield code="a">v.</subfield></datafield><datafield ind1=" " ind2=" " tag="310"><subfield code="a">Weekly</subfield></datafield><datafield ind1="0" ind2=" " tag="362"><subfield code="a">Vol. 4, no. 186 (July 21, 1854)-</subfield></datafield><datafield ind1=" " ind2=" " tag="500"><subfield code="a">"A family paper devoted to improvements, literature, politics, news and general intelligence."</subfield></datafield><datafield ind1=" " ind2=" " tag="500"><subfield code="a">Publisher: G. Palmer, Nov. 1854-185.</subfield></datafield><datafield ind1=" " ind2=" " tag="500"><subfield code="a">Editor: N.A. Phelps, 1854.</subfield></datafield><datafield ind1=" " ind2="0" tag="651"><subfield code="a">Middletown (Conn.)</subfield><subfield code="v">Newspapers.</subfield></datafield><datafield ind1=" " ind2="7" tag="655"><subfield code="a">Newspapers.</subfield><subfield code="2">fast</subfield><subfield code="0">(OCoLC)fst01423814</subfield></datafield><datafield ind1=" " ind2="7" tag="651"><subfield code="a">Connecticut</subfield><subfield code="z">Middletown.</subfield><subfield code="2">fast</subfield><subfield code="0">(OCoLC)fst01208112</subfield></datafield><datafield ind1="1" ind2=" " tag="700"><subfield code="a">Wilson, O. G.</subfield></datafield><datafield ind1="1" ind2=" " tag="700"><subfield code="a">Palmer, G.</subfield></datafield><datafield ind1="1" ind2=" " tag="700"><subfield code="a">Phelps, N. A.</subfield></datafield><datafield ind1=" " ind2=" " tag="752"><subfield code="a">United States</subfield><subfield code="b">Connecticut</subfield><subfield code="c">Middlesex</subfield><subfield code="d">Middletown.</subfield></datafield><datafield ind1="0" ind2="0" tag="780"><subfield code="t">News and advertiser (Middletown, Conn.)</subfield><subfield code="w">(DLC)sn 84022702</subfield><subfield code="w">(OCoLC)10529898</subfield></datafield></record>